@inproceedings{petrovic2004analysis,
  title={{Analysis of Features for Rigid Structure Vehicle Type Recognition.}},
  author={Petrovic, Vladimir S and Cootes, Timothy F},
  booktitle={British Machine Vision Conference (BMVC)},
  volume={2},
  pages={587--596},
  year={2004}
}

@inproceedings{abdelmaseeh2012car,
  title={{Car Make and Model Recognition Combining Global and Local Cues.}},
  author={AbdelMaseeh, Meena and Badreldin, Islam and Abdelkader, Mohamed F and El Saban, Motaz},
  booktitle={Proceedings of the 21st International Conference on Pattern Recognition (ICPR2012)},
  pages={910--913},
  year={2012},
  organization={IEEE}
}

@inproceedings{harris1988combined,
  title={{A Combined Corner and Edge Detector.}},
  author={Harris, Christopher G and Stephens, Mike and others},
  booktitle={Alvey Vision Conference},
  volume={15},
  number={50},
  pages={10--5244},
  year={1988},
  organization={Citeseer}
}

@inproceedings{pearce2011automatic,
  title={{Automatic Make and Model Recognition from Frontal Images of Cars.}},
  author={Pearce, Greg and Pears, Nick},
  booktitle={2011 8th IEEE International Conference on Advanced Video and Signal Based Surveillance (AVSS)},
  pages={373--378},
  year={2011},
  organization={IEEE}
}

@inproceedings{bay2006surf,
  title={{SURF: Speeded Up Robust Features.}},
  author={Bay, Herbert and Tuytelaars, Tinne and Van Gool, Luc},
  booktitle={European Conference on Computer Vision (ECCV)},
  pages={404--417},
  year={2006},
  organization={Springer}
}

@inproceedings{sivic2003video,
  title={{Video Google: A text retrieval approach to object matching in videos.}},
  author={Sivic, Josef and Zisserman, Andrew},
  booktitle={International Conference on Computer Vision (ICCV)},
  pages={1470},
  year={2003},
  organization={IEEE}
}

@article{li20052d,
  title={{2D-LDA: A Statistical Linear Discriminant Analysis for Image Matrix.}},
  author={Li, Ming and Yuan, Baozong},
  journal={Pattern Recognition Letters},
  volume={26},
  number={5},
  pages={527--532},
  year={2005},
  publisher={Elsevier}
}

@inproceedings{zafar2007two,
  title={{Two Dimensional Statistical Linear Discriminant Analysis for Real-Time Robust Vehicle Type Recognition.}},
  author={Zafar, Iffat and Edirisinghe, Eran A and Acar, S and Bez, Helmut E},
  booktitle={Real-Time Image Processing 2007},
  volume={6496},
  pages={649602},
  year={2007},
  organization={International Society for Optics and Photonics}
}

@inproceedings{zafar2009localized,
  title={{Localized Contourlet Features in Vehicle Make and Model Recognition.}},
  author={Zafar, Iffat and Edirisinghe, Eran A and Acar, B Serpil},
  booktitle={Image Processing: Machine Vision Applications II},
  volume={7251},
  pages={725105},
  year={2009},
  organization={International Society for Optics and Photonics}
}

@inproceedings{fraz2014mid,
  title={{Mid-Level-Representation based Lexicon for Vehicle Make and Model Recognition.}},
  author={Fraz, Muhammad and Edirisinghe, Eran A and Sarfraz, M Saquib},
  booktitle={2014 22nd International Conference on Pattern Recognition (ICPR)},
  pages={393--398},
  year={2014},
  organization={IEEE}
}

@inproceedings{perronnin2010improving,
  title={{Improving the Fisher Kernel for Large-Scale Image Classification.}},
  author={Perronnin, Florent and S{\'a}nchez, Jorge and Mensink, Thomas},
  booktitle={European Conference on Computer Vision (ECCV)},
  pages={143--156},
  year={2010},
  organization={Springer}
}

@inproceedings{jaakkola1999exploiting,
  title={{Exploiting Generative Models in Discriminative Classifiers.}},
  author={Jaakkola, Tommi and Haussler, David},
  booktitle={Advances in Neural Information Processing Systems (NIPS)},
  pages={487--493},
  year={1999}
}

@article{lowe2004distinctive,
  title={{Distinctive Image Features from Scale-Invariant Keypoints.}},
  author={Lowe, David G},
  journal={International Journal of Computer Vision (IJCV)},
  volume={60},
  number={2},
  pages={91--110},
  year={2004},
  publisher={Springer}
}

@article{siddiqui2016real,
  title={{Real-Time Vehicle Make and Model Recognition Based on a Bag of SURF Features.}},
  author={Siddiqui, Abdul Jabbar and Mammeri, Abdelhamid and Boukerche, Azzedine},
  journal={IEEE Transactions on Intelligent Transportation Systems},
  volume={17},
  number={11},
  pages={3205--3219},
  year={2016},
  publisher={IEEE}
}

@inproceedings{tafazzoli2017large,
  title={{A Large and Diverse Dataset for Improved Vehicle Make and Model Recognition.}},
  author={Tafazzoli, Faezeh and Frigui, Hichem and Nishiyama, Keishin},
  booktitle={Proceedings of the IEEE Conference on Computer Vision and Pattern Recognition (CVPR) Workshops},
  pages={1--8},
  year={2017}
}

@phdthesis{noble1989descriptions,
  title={{Descriptions of Image Surfaces.}},
  author={Noble, Julia Alison},
  year={1989},
  school={University of Oxford}
}

